<record><leader>00000cas a22000007a 4500</leader><controlfield tag="001">19844939</controlfield><controlfield tag="008">890610d19031904njuwr ne      0    0eng d</controlfield><datafield ind1=" " ind2=" " tag="010"><subfield code="a">sn 88071223 </subfield></datafield><datafield ind1=" " ind2=" " tag="040"><subfield code="a">NJW</subfield><subfield code="b">eng</subfield><subfield code="c">NJW</subfield><subfield code="d">OCLCQ</subfield></datafield><datafield ind1="0" ind2="0" tag="245"><subfield code="a">Irvington news and Essex County record.</subfield></datafield><datafield ind1=" " ind2=" " tag="260"><subfield code="a">Irvington, N.J. :</subfield><subfield code="b">Otto H. Heinz,</subfield><subfield code="c">1903-</subfield></datafield><datafield ind1=" " ind2=" " tag="310"><subfield code="a">Weekly</subfield></datafield><datafield ind1="0" ind2=" " tag="362"><subfield code="a">7th yr., no. 1 (May 23, 1903)-</subfield></datafield><datafield ind1="1" ind2=" " tag="362"><subfield code="a">Ceased in 1904?</subfield></datafield><datafield ind1=" " ind2=" " tag="752"><subfield code="a">United States</subfield><subfield code="b">New Jersey</subfield><subfield code="c">Essex</subfield><subfield code="d">Irvington.</subfield></datafield><datafield ind1="0" ind2="0" tag="780"><subfield code="t">Irvington news (Irvington, N.J. : 1897)</subfield><subfield code="w">(DLC)sn 85035666</subfield><subfield code="w">(OCoLC)13200596</subfield></datafield><datafield ind1="0" ind2="0" tag="785"><subfield code="t">Irvington news and Vailsburgh enterprise</subfield><subfield code="w">(DLC)sn 88071228</subfield></datafield></record>